@inproceedings{albarghouthi12a,
  author    = {Aws Albarghouthi and
               Arie Gurfinkel and
               Marsha Chechik},
  title     = {Craig Interpretation},
  booktitle = {{SAS}},
  year      = {2012},
  doi       = {10.1007/978-3-642-33125-1_21}
}

@inproceedings{albarghouthi12c,
  author    = {Aws Albarghouthi and
               Yi Li and
               Arie Gurfinkel and
               Marsha Chechik},
  title     = {{UFO}: {A} Framework for Abstraction- and Interpolation-Based Software
               Verification},
  booktitle = {{CAV}},
  year      = {2012},
  doi       = {10.1007/978-3-642-31424-7_48}
}

@inproceedings{albarghouthi12b,
  author    = {Aws Albarghouthi and
               Arie Gurfinkel and
               Marsha Chechik},
  title     = {Whale: An Interpolation-Based Algorithm for
                  Inter-procedural Verification},
  booktitle = {{VMCAI}},
  year      = {2012},
  doi       = {10.1007/978-3-642-27940-9_4}
}

@inproceedings{bjorner13,
  author    = {Nikolaj Bj{\o}rner and
               Kenneth L. McMillan and
               Andrey Rybalchenko},
  title     = {On Solving Universally Quantified {Horn} Clauses},
  booktitle = {{SAS}},
  year      = {2013},
  doi       = {10.1007/978-3-642-38856-9_8}
}

@inproceedings{flanagan01,
  author    = {Cormac Flanagan and
               James B. Saxe},
  title     = {Avoiding exponential explosion: generating compact
                  verification conditions},
  booktitle = {{POPL}},
  year      = {2001},
  doi       = {10.1145/360204.360220}
}

@inproceedings{flanagan03,
  author    = {Cormac Flanagan},
  title     = {Automatic Software Model Checking Using {CLP}},
  booktitle = {{ESOP}},
  year      = {2003},
  doi       = {10.1007/3-540-36575-3_14}
}

@inproceedings{gupta11,
  author    = {Ashutosh Gupta and
               Corneliu Popeea and
               Andrey Rybalchenko},
  title     = {Predicate abstraction and refinement for verifying
                  multi-threaded programs},
  booktitle = {{POPL}},
  year      = {2011},
}

@inproceedings{gurfinkel15,
  author    = {Arie Gurfinkel and
               Temesghen Kahsai and
               Anvesh Komuravelli and
               Jorge A. Navas},
  title     = {The {SeaHorn} Verification Framework},
  booktitle = {{CAV}},
  year      = {2015},
  doi       = {10.1007/978-3-319-21690-4_20}
}

@inproceedings{heizmann10,
  author    = {Matthias Heizmann and
               Jochen Hoenicke and
               Andreas Podelski},
  title     = {Nested interpolants},
  booktitle = {{POPL}},
  year      = {2010},
  doi       = {10.1145/1706299.1706353}
}

@inproceedings{henzinger04,
	Author = {Thomas A. Henzinger and Ranjit Jhala and Rupak Majumdar
                  and Kenneth L. McMillan},
	Booktitle = {POPL},
	Title = {Abstractions from Proofs},
	Year = {2004}
}

@inproceedings{jaffar09,
  author    = {Joxan Jaffar and
               Andrew E. Santosa and
               Razvan Voicu},
  title     = {An Interpolation Method for {CLP} Traversal},
  booktitle = {{CP}},
  year      = {2009},
  doi       = {10.1007/978-3-642-04244-7_37}
}

@inproceedings{kafle16,
  author    = {Bishoksan Kafle and
               John P. Gallagher and
               Pierre Ganty},
  title     = {Solving non-linear {Horn}-clauses using a linear {Horn}
                  clause solver},
  booktitle = {{HCVS}},
  year      = {2016},
}

@inproceedings{hoder12,
  author    = {Krystof Hoder and
               Nikolaj Bj{\o}rner},
  title     = {Generalized Property Directed Reachability},
  booktitle = {{SAT}},
  year      = {2012},
  doi       = {10.1007/978-3-642-31612-8_13}
}

@inproceedings{komuravelli14,
  author    = {Anvesh Komuravelli and
               Arie Gurfinkel and
               Sagar Chaki},
  title     = {{SMT}-Based Model Checking for Recursive Programs},
  booktitle = {{CAV}},
  year      = {2014},
  doi       = {10.1007/978-3-319-08867-9_2}
}

@inproceedings{lal-qadeer-lahiri12,
  author    = {Akash Lal and
               Shaz Qadeer and
               Shuvendu K. Lahiri},
  title     = {A Solver for Reachability Modulo Theories},
  booktitle = {{CAV}},
  year      = {2012},
  doi       = {10.1007/978-3-642-31424-7_32}
}

@inproceedings{lal-qadeer15,
  author    = {Akash Lal and
               Shaz Qadeer},
  title     = {{DAG} inlining: a decision procedure for
                  reachability-modulo-theories in hierarchical
                  programs},
  booktitle = {{PLDI}},
  year      = {2015},
  doi       = {10.1145/2813885.2737987}
}

@inproceedings{mcmillan04,
  author    = {Kenneth L. McMillan},
  title     = {An Interpolating Theorem Prover},
  booktitle = {{TACAS}},
  year      = {2004},
  doi       = {10.1016/j.tcs.2005.07.003}
}

@inproceedings{mcmillan06,
  Author = {Kenneth L. McMillan},
  Booktitle = {CAV},
  Title = {Lazy Abstraction with Interpolants},
  Year = {2006},
  doi  = {10.1007/11817963_14}
}

@inproceedings{mcmillan14,
  author    = {Kenneth L. McMillan},
  title     = {Lazy Annotation Revisited},
  booktitle = {{CAV}},
  year      = {2014},
  doi       = {10.1007/978-3-319-08867-9_16}
}

@inproceedings{moura08,
  author    = {Leonardo Mendon{\c{c}}a de Moura and
               Nikolaj Bj{\o}rner},
  title     = {{Z3:} An Efficient {SMT} Solver},
  booktitle = {{TACAS}},
  year      = {2008},
  doi       = {10.1007/978-3-540-78800-3_24}
}

@inproceedings{rummer13a,
  author    = {Philipp R{\"{u}}mmer and
               Hossein Hojjat and
               Viktor Kuncak},
  title     = {Classifying and Solving {Horn} Clauses for Verification},
  booktitle = {{VSTTE}},
  year      = {2013},
  doi       = {10.1007/978-3-642-54108-7_1}
}

@inproceedings{rummer13b,
  author    = {Philipp R{\"{u}}mmer and
               Hossein Hojjat and
               Viktor Kuncak},
  title     = {Disjunctive Interpolants for {Horn}-clause Verification},
  booktitle = {{CAV}},
  year      = {2013},
  doi       = {10.1007/978-3-642-39799-8_24}
}

@misc{z3,
    key = {github},
    title = {GitHub - Z3Prover/z3: The Z3 Theorem Prover},
    howpublished = {\url{https://github.com/Z3Prover/z3}},
    note = {Accessed: 2016 Dec 13},
    year = {2016}
}

@misc{svcomp15,
    key = {github},
    title = {GitHub - sosy-lab/sv-benchmarks: svcomp15},
    howpublished = {\url{https://github.com/sosy-lab/sv-benchmarks/releases/tag/svcomp15}},
    note = {Accessed: 2016 Dec 13},
    year = {2016}
}

@misc{eldarica,
    key = {github},
    title = {GitHub - uuverifiers/eldarica: Eldarica},
    howpublished = {\url{https://github.com/uuverifiers/eldarica}},
    note = {Accessed: 2017 Jan 20},
    year = {2017}
}
